101 24207175888288356732009081605A094101FIFTH THIRD BANK       BASIC                  00000000
5200BASIC                               8828835673PPDBASIC     200906200909   1242071750000001
622075906003123456789        0000014000d9edc3cab3e3ffaCARLA LAMANTIA        S 0242071750000101
627075906003123456789        0000250000a996c9eae4585c5Kara Trebil-Smith     S 0242071750000102
820000000200151812000000002500000000000140008828835673                         242071750000001
5200BASIC                               8828835673CCDBASIC     200906200909   1242071750000002
627075906003123456789        0000276979d76a11400793eecJohnson Health Tech NoR 0242071750000103
622075906003123456789        000072028044f3ca815d8fc70Buttrey Wulff MammingaS 0242071750000104
820000000200151812000000002769790000007202808828835673                         242071750000002
9000002000001000000040030362400000000526979000000734280                                       
